<?xml version="1.0" encoding="UTF-8"?><collection xmlns="http://www.loc.gov/MARC21/slim"><record><leader>00327nam--2200133-i-4500</leader><controlfield tag="001">000022382</controlfield><controlfield tag="002">20161230</controlfield><controlfield tag="005">20161230201034</controlfield><controlfield tag="008">060222s1000------------r-----000-0-eng-d</controlfield><datafield ind1=" " ind2=" " tag="080"><subfield code="a">538.9.001</subfield></datafield><datafield ind1=" " ind2=" " tag="100"><subfield code="a">Haug, Albert</subfield></datafield><datafield ind1=" " ind2=" " tag="245"><subfield code="a">Theoretische festkorperphysik</subfield></datafield><datafield ind1=" " ind2=" " tag="260"><subfield code="a">Wien, Franz Deuticke, 1964. Xi + 518 P</subfield></datafield><datafield ind1=" " ind2=" " tag="852"><subfield code="a">21294</subfield></datafield></record></collection>